@book{floyd2009sistemas,
	title={Sistemas Digitais: Fundamentos e Aplica{\c{c}}{\~o}es},
	author={Floyd, T.},
	isbn={9788577801077},
	url={https://books.google.com.br/books?id=wlRlWAkQ4BAC},
	year={2009},
	publisher={Bookman}
}

@online{Altera2015FPGA,
	author = {Altera},
	title = {What is an FPGA?},
	year = 2015,
	url = {http://www.altera.com/products/fpga.html},
	urldate = {2015-04-13},
	note =  { Disponivel em: 
	
	{\\$<$\url{http://www.altera.com/products/fpga.html}$>$. Acesso em: 13 abril 2015  }
	}
	
}

@online{CASILLO,
	author = {CASILLO, Leonardo Augusto},
	title = {T{\'o}picos em VHDL},
	year = 2015,
	url = {http://www2.ufersa.edu.br/portal/view/uploads/setores/145/arquivos/arq/trabalhos/vhdl_epoca.pdf},
	urldate = {2015-04-13},
	note = {Disponivel em: {\\$<$\url{http://www2.ufersa.edu.br/portal/view/uploads/setores/145/arquivos/arq/trabalhos/vhdl_epoca.pdf}$>$ Acesso  em: 23 outubro 2016}}
	
}

@book{aho2008compiladores,
	title={Compiladores: princ{\'\i}pios, t{\'e}cnicas e ferramentas},
	author={AHO, A.V. and Sethi, R. and Lam, S.},
	isbn={9788588639249},
	url={https://books.google.com.br/books?id=hahXPgAACAAJ},
	year={2008},
	publisher={LONGMAN DO BRASIL}
}

@book{silberschatz2008sistemas,
	title={Sistemas Operacionais com Java},
	author={Silberschatz, A.},
	isbn={9788535224061},
	url={https://books.google.com.br/books?id=Y8HMA2XngmwC},
	year={2008},
	publisher={Elsevier/Campus}
}

@book{tanenbaum2009sistemas,
	title={Sistemas Operacionais: Projetjos e Implementa{\c{c}}{\~a}o},
	author={Tanenbaum, A.S. and Woodhull, A.S.},
	isbn={9788577802852},
	url={https://books.google.com.br/books?id=Z5sCbDRUBaQC},
	year={2009},
	publisher={Bookman}
}
